<?xml version="1.0" encoding="UTF-8"?><collection xmlns="http://www.loc.gov/MARC21/slim"><record><leader>00525nam--2200181-i-4500</leader><controlfield tag="001">000037017</controlfield><controlfield tag="002">20161230</controlfield><controlfield tag="005">20161230201041</controlfield><controlfield tag="008">060222s1000------------r-----000-0-eng-d</controlfield><datafield ind1=" " ind2=" " tag="040"><subfield code="a">IFIN-HH</subfield></datafield><datafield ind1=" " ind2=" " tag="080"><subfield code="a">535.37</subfield></datafield><datafield ind1="1" ind2=" " tag="100"><subfield code="a">Pringsheim, Peter</subfield></datafield><datafield ind1="1" ind2="0" tag="245"><subfield code="a">Luminescence of liquids and solids and its practical applications</subfield><subfield code="c">Pter pringsheim; marcel vogel</subfield></datafield><datafield ind1=" " ind2=" " tag="260"><subfield code="a">New York</subfield><subfield code="b">Interscience Publishers, Inc</subfield><subfield code="c">1946</subfield></datafield><datafield ind1=" " ind2=" " tag="300"><subfield code="a">X + 201P</subfield></datafield><datafield ind1="1" ind2=" " tag="700"><subfield code="a">Vogel, Marcel</subfield></datafield><datafield ind1=" " ind2=" " tag="852"><subfield code="a">732</subfield><subfield code="c">535.37</subfield></datafield><datafield ind1=" " ind2=" " tag="CAT"><subfield code="a">Sys</subfield><subfield code="c">20110413</subfield><subfield code="h">121956</subfield></datafield></record></collection>